@book{eaton1997gnu,
  title = {{Gnu octave}},
  author = {Eaton, John Wesley and Bateman, David and Hauberg, S{\o}ren},
  year = {1997},
  publisher = {Network thoery},
}
